@techreport{spec_RTP,
	author 		= "",
	title 		= "RTP: A Transport Protocol for Real-Time Applications",
	institution 	= "Network Working Group",
	year		= "2003",
}
@techreport{spec_RTMP,
	author		=	"",
	title 		=	"Adobeâ€™s Real Time Messaging Protocol",
	institution	=	"Adobe",
	year		=	"2012",
}
@techreport{spec_SCTP,
	author			= "R. Stewart, Ed.",
	title				= "Stream Control Transmission Protocol",
	institution	= "Network Working Group",
	year				= "2007",
	note				= "RFC4960",
}

@techreport{spec_MPTCP,
	author			= "",
	title				= "TCP Extensions for Multipath Operation with Multiple Addresses",
	institution	= "Internet Engineering Task Force (IETF)",
	year				= "2013",
	note				= "RFC6824"
}
